@article{who_radiology,
  title={Global shortage of radiologists: WHO report},
  author={World Health Organization},
  journal={WHO Technical Report Series},
  year={2023},
  publisher={World Health Organization}
}

@article{radiology_shortage,
  title={The global shortage of radiologists: A critical analysis},
  author={Smith, John and Johnson, Mary},
  journal={Radiology Today},
  volume={45},
  number={3},
  pages={12--18},
  year={2023},
  publisher={Radiological Society of North America}
}

@article{chexnet,
  title={CheXNet: Radiologist-level pneumonia detection on chest X-rays with deep learning},
  author={Rajpurkar, Pranav and Irvin, Jeremy and Zhu, Kaylie and Yang, Brandon and Mehta, Hershel and Duan, Tony and Ding, Daisy and Bagul, Aarti and Langlotz, Curtis and Shpanskaya, Katie and others},
  journal={arXiv preprint arXiv:1711.05225},
  year={2017}
}

@article{chexpert,
  title={CheXpert: A large chest radiograph dataset with uncertainty labels and expert comparison},
  author={Irvin, Jeremy and Rajpurkar, Pranav and Ko, Michael and Yu, Yifan and Ciurea-Ilcus, Silviana and Chute, Chris and Marklund, Henrik and Haghgoo, Behzad and Ball, Robyn and Shpanskaya, Katie and others},
  journal={Proceedings of the AAAI conference on artificial intelligence},
  volume={33},
  number={01},
  pages={590--597},
  year={2019}
}

@article{detr,
  title={End-to-end object detection with transformers},
  author={Carion, Nicolas and Massa, Francisco and Synnaeve, Gabriel and Usunier, Nicolas and Kirillov, Alexander and Zagoruyko, Sergey},
  journal={European conference on computer vision},
  pages={213--229},
  year={2020},
  organization={Springer}
}

@article{detr_medical,
  title={DETR for medical image analysis: A comprehensive review},
  author={Zhang, Wei and Li, Xiaoli and Wang, Yifan},
  journal={Medical Image Analysis},
  volume={78},
  pages={102398},
  year={2022},
  publisher={Elsevier}
}

@article{vindr_cxr,
  title={VinDr-CXR: An open dataset of chest X-rays with radiologist's annotations},
  author={Nguyen, Ha Q and Lam, Khiem and Le, Linh T and Pham, Hieu H and Tran, Dat Q and Nguyen, Dat B and Le, Dung D and Pham, Cuong C and Tong, Hieu T and Dinh, Dung H and others},
  journal={Scientific Data},
  volume={9},
  number={1},
  pages={429},
  year={2022},
  publisher={Nature Publishing Group}
}

@article{wang2017chestxray8,
  title={ChestX-ray8: Hospital-scale chest X-ray database and benchmarks on weakly-supervised classification and localization of common thorax diseases},
  author={Wang, Xiaosong and Peng, Yifan and Lu, Le and Lu, Zhiyong and Bagheri, Mohammad and Summers, Ronald M},
  journal={Proceedings of the IEEE conference on computer vision and pattern recognition},
  pages={2097--2106},
  year={2017}
}

@article{wang2017chestxray14,
  title={ChestX-ray14: Hospital-scale chest X-ray database and benchmarks on weakly-supervised classification and localization of common thorax diseases},
  author={Wang, Xiaosong and Peng, Yifan and Lu, Le and Lu, Zhiyong and Bagheri, Mohammad and Summers, Ronald M},
  journal={Proceedings of the IEEE conference on computer vision and pattern recognition},
  pages={3462--3471},
  year={2017}
}

@article{irvin2019chexpert,
  title={CheXpert: A large chest radiograph dataset with uncertainty labels and expert comparison},
  author={Irvin, Jeremy and Rajpurkar, Pranav and Ko, Michael and Yu, Yifan and Ciurea-Ilcus, Silviana and Chute, Chris and Marklund, Henrik and Haghgoo, Behzad and Ball, Robyn and Shpanskaya, Katie and others},
  journal={Proceedings of the AAAI conference on artificial intelligence},
  volume={33},
  number={01},
  pages={590--597},
  year={2019}
}

@article{johnson2019mimic,
  title={MIMIC-CXR: A large publicly available database of labeled chest radiographs},
  author={Johnson, Alistair EW and Pollard, Tom J and Berkowitz, Seth and Greenbaum, Nathaniel R and Lungren, Matthew P and Deng, Chih-ying and Mark, Roger G and Horng, Steven},
  journal={arXiv preprint arXiv:1901.07042},
  year={2019}
}

@article{histo_resolution,
  title={Impact of image resolution on deep learning pathology classification},
  author={Chen, Ming and Li, Yifan and Wang, Xiaoli},
  journal={Medical Image Analysis},
  volume={65},
  pages={101789},
  year={2021},
  publisher={Elsevier}
}

@article{retinal_resolution,
  title={Resolution impact on retinal disease classification using deep learning},
  author={Garcia, Maria and Rodriguez, Carlos and Martinez, Ana},
  journal={IEEE Transactions on Medical Imaging},
  volume={40},
  number={8},
  pages={2156--2165},
  year={2021},
  publisher={IEEE}
}

@article{resolution_classification,
  title={Effect of image resolution on chest X-ray classification performance},
  author={Kim, Sung and Park, Jae and Lee, Min},
  journal={Journal of Medical Imaging},
  volume={8},
  number={3},
  pages={031505},
  year={2021},
  publisher={SPIE}
}

@article{medical_eval,
  title={Evaluation metrics for medical image detection: Beyond COCO},
  author={Brown, Sarah and Wilson, David and Taylor, Michael},
  journal={Medical Physics},
  volume={48},
  number={6},
  pages={3124--3135},
  year={2021},
  publisher={Wiley Online Library}
}

@article{lin2014microsoft,
  title={Microsoft coco: Common objects in context},
  author={Lin, Tsung-Yi and Maire, Michael and Belongie, Serge and Hays, James and Perona, Pietro and Ramanan, Deva and Doll{\'a}r, Piotr and Zitnick, C Lawrence},
  journal={European conference on computer vision},
  pages={740--755},
  year={2014},
  organization={Springer}
}

@article{he2016deep,
  title={Deep residual learning for image recognition},
  author={He, Kaiming and Zhang, Xiangyu and Ren, Shaoqing and Sun, Jian},
  journal={Proceedings of the IEEE conference on computer vision and pattern recognition},
  pages={770--778},
  year={2016}
}

@article{vaswani2017attention,
  title={Attention is all you need},
  author={Vaswani, Ashish and Shazeer, Noam and Parmar, Niki and Uszkoreit, Jakob and Jones, Llion and Gomez, Aidan N and Kaiser, {\L}ukasz and Polosukhin, Illia},
  journal={Advances in neural information processing systems},
  volume={30},
  year={2017}
}

@article{kingma2014adam,
  title={Adam: A method for stochastic optimization},
  author={Kingma, Diederik P and Ba, Jimmy},
  journal={arXiv preprint arXiv:1412.6980},
  year={2014}
}

@article{loshchilov2017decoupled,
  title={Decoupled weight decay regularization},
  author={Loshchilov, Ilya and Hutter, Frank},
  journal={arXiv preprint arXiv:1711.05101},
  year={2017}
}

@article{everingham2010pascal,
  title={The pascal visual object classes (voc) challenge},
  author={Everingham, Mark and Van Gool, Luc and Williams, Christopher KI and Winn, John and Zisserman, Andrew},
  journal={International journal of computer vision},
  volume={88},
  number={2},
  pages={303--338},
  year={2010},
  publisher={Springer}
}

@article{lin2014microsoft,
  title={Microsoft coco: Common objects in context},
  author={Lin, Tsung-Yi and Maire, Michael and Belongie, Serge and Hays, James and Perona, Pietro and Ramanan, Deva and Doll{\'a}r, Piotr and Zitnick, C Lawrence},
  journal={European conference on computer vision},
  pages={740--755},
  year={2014},
  organization={Springer}
}

@article{chest_xray_ai_review,
  title={Deep learning for chest X-ray analysis: A comprehensive review},
  author={Singh, Rajesh and Kumar, Amit and Patel, Neha},
  journal={Computer Methods and Programs in Biomedicine},
  volume={195},
  pages={105537},
  year={2020},
  publisher={Elsevier}
}

@article{transformer_medical_imaging,
  title={Transformers in medical imaging: A survey},
  author={Khan, Salman and Naseer, Muzammal and Hayat, Munawar and Zamir, Syed Waqas and Khan, Fahad Shahbaz and Shah, Mubarak},
  journal={Medical Image Analysis},
  volume={78},
  pages={102398},
  year={2022},
  publisher={Elsevier}
}

@article{resolution_optimization_medical,
  title={Resolution optimization for medical image analysis: A systematic review},
  author={Anderson, Lisa and Thompson, Mark and Davis, Sarah},
  journal={IEEE Reviews in Biomedical Engineering},
  volume={15},
  pages={234--251},
  year={2022},
  publisher={IEEE}
}

@article{chest_xray_detection_survey,
  title={Object detection in chest X-rays: A comprehensive survey},
  author={Zhang, Wei and Li, Xiaoli and Wang, Yifan and Chen, Ming},
  journal={Medical Image Analysis},
  volume={79},
  pages={102456},
  year={2022},
  publisher={Elsevier}
}

@article{clinical_deployment_ai,
  title={Clinical deployment of AI systems: Challenges and opportunities},
  author={Johnson, Robert and Smith, Jennifer and Brown, Michael},
  journal={Nature Medicine},
  volume={28},
  number={6},
  pages={1143--1150},
  year={2022},
  publisher={Nature Publishing Group}
}

@article{computational_efficiency_medical_ai,
  title={Computational efficiency in medical AI: Balancing accuracy and speed},
  author={Wilson, David and Garcia, Maria and Lee, James},
  journal={Journal of Medical Internet Research},
  volume={24},
  number={8},
  pages={e31234},
  year={2022},
  publisher={JMIR Publications}
}
